


@inproceedings{origin,
  author={unknown},
  title={THU Beamer Theme},
  year={2015},
  url={http://far.tooold.cn/post/latex/beamertsinghua},
  booktitle={None},
  pages={1--10},
}



@article{Author2020,
  author = {Author, A. and Coauthor, B.},
  title = {Title of the Article},
  journal = {Journal Name},
  volume = {1},
  number = {1},
  pages = {1--10},
  year = {2020},
  publisher = {Publisher Name}
}

@inproceedings{ConfAuthor2021,
  author = {ConfAuthor, C. and Another, D.},
  title = {Title of the Conference Paper},
  booktitle = {Proceedings of the Conference Name},
  year = {2021},
  pages = {100--105},
  organization = {Conference Organization}
}

@book{BookAuthor2019,
  author = {BookAuthor, E.},
  title = {Title of the Book},
  publisher = {Book Publisher},
  year = {2019}
}
